{
  "leader": "03127cas a2200769 a 4500",
  "fields": [
    {
      "001": "ocm40413950\\"
    },
    {
      "003": "OCoLC"
    },
    {
      "005": "20220712083637.0"
    },
    {
      "008": "981130c19979999cauar\\\\\\\\\\\\\\\\\\0\\\\\\a0eng\\c"
    },
    {
      "010": {
        "ind1": "\\",
        "ind2": "\\",
        "subfields": [
          {
            "a": "   00238645 "
          },
          {
            "z": "   97016892 "
          },
          {
            "z": "   98025526 "
          },
          {
            "z": "   99038570 "
          },
          {
            "z": "   00010983 "
          },
          {
            "z": "  2001050204"
          },
          {
            "z": "  2002035657"
          }
        ]
      }
    },
    {
      "040": {
        "ind1": "\\",
        "ind2": "\\",
        "subfields": [
          {
            "a": "OEK"
          },
          {
            "b": "eng"
          },
          {
            "c": "OEK"
          },
          {
            "d": "IUL"
          },
          {
            "d": "NLM"
          },
          {
            "d": "IUL"
          },
          {
            "d": "NSD"
          },
          {
            "d": "DLC"
          },
          {
            "d": "IUL"
          },
          {
            "d": "ZCU"
          },
          {
            "d": "NSD"
          },
          {
            "d": "OCLCQ"
          },
          {
            "d": "UKMGB"
          },
          {
            "d": "OCLCQ"
          },
          {
            "d": "OCLCF"
          },
          {
            "d": "YDXCP"
          },
          {
            "d": "OCLCQ"
          },
          {
            "d": "CGU"
          },
          {
            "d": "WAU"
          },
          {
            "d": "OCLCO"
          },
          {
            "d": "OCL"
          },
          {
            "d": "OCLCA"
          }
        ]
      }
    },
    {
      "012": {
        "ind1": "\\",
        "ind2": "\\",
        "subfields": [
          {
            "l": "1"
          }
        ]
      }
    },
    {
      "016": {
        "ind1": "7",
        "ind2": "\\",
        "subfields": [
          {
            "a": "101086213"
          },
          {
            "2": "DNLM"
          }
        ]
      }
    },
    {
      "016": {
        "ind1": "7",
        "ind2": "\\",
        "subfields": [
          {
            "a": "015676887"
          },
          {
            "2": "Uk"
          }
        ]
      }
    },
    {
      "016": {
        "ind1": "\\",
        "ind2": "\\",
        "subfields": [
          {
            "a": "101086213"
          }
        ]
      }
    },
    {
      "016": {
        "ind1": "\\",
        "ind2": "\\",
        "subfields": [
          {
            "a": "015676887"
          }
        ]
      }
    },
    {
      "019": {
        "ind1": "\\",
        "ind2": "\\",
        "subfields": [
          {
            "a": "262143222"
          },
          {
            "a": "1048051326"
          },
          {
            "a": "1063999001"
          },
          {
            "a": "1064544856"
          },
          {
            "a": "1079940244"
          }
        ]
      }
    },
    {
      "022": {
        "ind1": "0",
        "ind2": "\\",
        "subfields": [
          {
            "a": "1547-3570"
          },
          {
            "l": "1547-3570"
          },
          {
            "2": "1"
          }
        ]
      }
    },
    {
      "035": {
        "ind1": "\\",
        "ind2": "\\",
        "subfields": [
          {
            "a": "(OCoLC)40413950"
          },
          {
            "z": "(OCoLC)262143222"
          },
          {
            "z": "(OCoLC)1048051326"
          },
          {
            "z": "(OCoLC)1063999001"
          },
          {
            "z": "(OCoLC)1064544856"
          },
          {
            "z": "(OCoLC)1079940244"
          }
        ]
      }
    },
    {
      "037": {
        "ind1": "\\",
        "ind2": "\\",
        "subfields": [
          {
            "b": "Jossey-Bass, One Montgomery St., Suite 1200, San Francisco, CA 94104-4594"
          }
        ]
      }
    },
    {
      "042": {
        "ind1": "\\",
        "ind2": "\\",
        "subfields": [
          {
            "a": "nsdp"
          },
          {
            "a": "pcc"
          }
        ]
      }
    },
    {
      "043": {
        "ind1": "\\",
        "ind2": "\\",
        "subfields": [
          {
            "a": "n-us---"
          }
        ]
      }
    },
    {
      "050": {
        "ind1": "0",
        "ind2": "0",
        "subfields": [
          {
            "a": "RA440.87.U6"
          },
          {
            "b": "T6"
          }
        ]
      }
    },
    {
      "060": {
        "ind1": "0",
        "ind2": "0",
        "subfields": [
          {
            "a": "W1"
          },
          {
            "b": "TO109"
          }
        ]
      }
    },
    {
      "082": {
        "ind1": "0",
        "ind2": "0",
        "subfields": [
          {
            "a": "610.7973"
          },
          {
            "b": "TOI"
          }
        ]
      }
    },
    {
      "210": {
        "ind1": "0",
        "ind2": "\\",
        "subfields": [
          {
            "a": "To improve health health care"
          }
        ]
      }
    },
    {
      "222": {
        "ind1": "\\",
        "ind2": "0",
        "subfields": [
          {
            "a": "To improve health and health care"
          }
        ]
      }
    },
    {
      "245": {
        "ind1": "0",
        "ind2": "0",
        "subfields": [
          {
            "a": "To improve health and health care :"
          },
          {
            "b": "the Robert Wood Johnson Foundation anthology."
          }
        ]
      }
    },
    {
      "246": {
        "ind1": "3",
        "ind2": "0",
        "subfields": [
          {
            "a": "Robert Wood Johnson Foundation anthology"
          }
        ]
      }
    },
    {
      "260": {
        "ind1": "\\",
        "ind2": "\\",
        "subfields": [
          {
            "a": "San Francisco :"
          },
          {
            "b": "Jossey-Bass,"
          },
          {
            "c": "\u00a91997-"
          }
        ]
      }
    },
    {
      "300": {
        "ind1": "\\",
        "ind2": "\\",
        "subfields": [
          {
            "a": "volumes :"
          },
          {
            "b": "illustrations ;"
          },
          {
            "c": "23 cm"
          }
        ]
      }
    },
    {
      "310": {
        "ind1": "\\",
        "ind2": "\\",
        "subfields": [
          {
            "a": "Annual"
          }
        ]
      }
    },
    {
      "336": {
        "ind1": "\\",
        "ind2": "\\",
        "subfields": [
          {
            "a": "text"
          },
          {
            "b": "txt"
          },
          {
            "2": "rdacontent"
          }
        ]
      }
    },
    {
      "337": {
        "ind1": "\\",
        "ind2": "\\",
        "subfields": [
          {
            "a": "unmediated"
          },
          {
            "b": "n"
          },
          {
            "2": "rdamedia"
          }
        ]
      }
    },
    {
      "338": {
        "ind1": "\\",
        "ind2": "\\",
        "subfields": [
          {
            "a": "volume"
          },
          {
            "b": "nc"
          },
          {
            "2": "rdacarrier"
          }
        ]
      }
    },
    {
      "362": {
        "ind1": "0",
        "ind2": "\\",
        "subfields": [
          {
            "a": "[Vol. 1] (1997)-"
          }
        ]
      }
    },
    {
      "515": {
        "ind1": "\\",
        "ind2": "\\",
        "subfields": [
          {
            "a": "Issues for 1997-2001 unnumbered but constitute v. 1-4; vol. for 1998/1999 constitutes v. 2."
          }
        ]
      }
    },
    {
      "515": {
        "ind1": "\\",
        "ind2": "\\",
        "subfields": [
          {
            "a": "Vol. 5- lack issue date."
          }
        ]
      }
    },
    {
      "530": {
        "ind1": "\\",
        "ind2": "\\",
        "subfields": [
          {
            "a": "Also issued online."
          }
        ]
      }
    },
    {
      "588": {
        "ind1": "\\",
        "ind2": "\\",
        "subfields": [
          {
            "a": "Latest issue consulted: Vol. 15, published in 2013."
          }
        ]
      }
    },
    {
      "650": {
        "ind1": "\\",
        "ind2": "0",
        "subfields": [
          {
            "a": "Public health"
          },
          {
            "x": "Research grants"
          },
          {
            "z": "United States"
          },
          {
            "v": "Periodicals."
          }
        ]
      }
    },
    {
      "610": {
        "ind1": "2",
        "ind2": "0",
        "subfields": [
          {
            "a": "Robert Wood Johnson Foundation"
          },
          {
            "v": "Periodicals."
          }
        ]
      }
    },
    {
      "650": {
        "ind1": "\\",
        "ind2": "0",
        "subfields": [
          {
            "a": "Public health"
          },
          {
            "z": "United States"
          },
          {
            "x": "Endowments"
          },
          {
            "v": "Periodicals."
          }
        ]
      }
    },
    {
      "610": {
        "ind1": "2",
        "ind2": "7",
        "subfields": [
          {
            "a": "Robert Wood Johnson Foundation."
          },
          {
            "2": "fast"
          },
          {
            "0": "(OCoLC)fst00537442"
          }
        ]
      }
    },
    {
      "650": {
        "ind1": "\\",
        "ind2": "7",
        "subfields": [
          {
            "a": "Public health"
          },
          {
            "x": "Endowments."
          },
          {
            "2": "fast"
          },
          {
            "0": "(OCoLC)fst01082260"
          }
        ]
      }
    },
    {
      "650": {
        "ind1": "\\",
        "ind2": "7",
        "subfields": [
          {
            "a": "Public health"
          },
          {
            "x": "Research grants."
          },
          {
            "2": "fast"
          },
          {
            "0": "(OCoLC)fst01082305"
          }
        ]
      }
    },
    {
      "651": {
        "ind1": "\\",
        "ind2": "7",
        "subfields": [
          {
            "a": "United States."
          },
          {
            "2": "fast"
          },
          {
            "0": "(OCoLC)fst01204155"
          }
        ]
      }
    },
    {
      "610": {
        "ind1": "2",
        "ind2": "2",
        "subfields": [
          {
            "a": "Robert Wood Johnson Foundation."
          }
        ]
      }
    },
    {
      "650": {
        "ind1": "1",
        "ind2": "2",
        "subfields": [
          {
            "a": "Foundations."
          }
        ]
      }
    },
    {
      "650": {
        "ind1": "2",
        "ind2": "2",
        "subfields": [
          {
            "a": "Delivery of Health Care."
          }
        ]
      }
    },
    {
      "650": {
        "ind1": "2",
        "ind2": "2",
        "subfields": [
          {
            "a": "Public Health."
          }
        ]
      }
    },
    {
      "650": {
        "ind1": "2",
        "ind2": "2",
        "subfields": [
          {
            "a": "Research Support."
          }
        ]
      }
    },
    {
      "651": {
        "ind1": "\\",
        "ind2": "2",
        "subfields": [
          {
            "a": "United States."
          }
        ]
      }
    },
    {
      "655": {
        "ind1": "\\",
        "ind2": "7",
        "subfields": [
          {
            "a": "Serial publications."
          },
          {
            "2": "fast"
          },
          {
            "0": "(OCoLC)fst01919968"
          }
        ]
      }
    },
    {
      "655": {
        "ind1": "\\",
        "ind2": "7",
        "subfields": [
          {
            "a": "Periodicals."
          },
          {
            "2": "fast"
          },
          {
            "0": "(OCoLC)fst01411641"
          }
        ]
      }
    },
    {
      "655": {
        "ind1": "\\",
        "ind2": "7",
        "subfields": [
          {
            "a": "Serial publications."
          },
          {
            "2": "lcgft"
          }
        ]
      }
    },
    {
      "655": {
        "ind1": "\\",
        "ind2": "2",
        "subfields": [
          {
            "a": "Periodical."
          }
        ]
      }
    },
    {
      "710": {
        "ind1": "2",
        "ind2": "\\",
        "subfields": [
          {
            "a": "Robert Wood Johnson Foundation."
          }
        ]
      }
    },
    {
      "776": {
        "ind1": "0",
        "ind2": "8",
        "subfields": [
          {
            "i": "Online version:"
          },
          {
            "t": "To improve health and health care (Online)"
          },
          {
            "w": "(DLC)  2008255204"
          },
          {
            "w": "(OCoLC)187315414"
          }
        ]
      }
    },
    {
      "850": {
        "ind1": "\\",
        "ind2": "\\",
        "subfields": [
          {
            "a": "DLC"
          },
          {
            "a": "DNLM"
          }
        ]
      }
    },
    {
      "891": {
        "ind1": "2",
        "ind2": "0",
        "subfields": [
          {
            "9": "853"
          },
          {
            "8": "1"
          },
          {
            "a": "(year)"
          },
          {
            "w": "a"
          }
        ]
      }
    },
    {
      "891": {
        "ind1": "4",
        "ind2": "1",
        "subfields": [
          {
            "9": "863"
          },
          {
            "8": "1.1"
          },
          {
            "a": "1997"
          }
        ]
      }
    },
    {
      "891": {
        "ind1": "2",
        "ind2": "0",
        "subfields": [
          {
            "9": "853"
          },
          {
            "8": "2"
          },
          {
            "a": "v."
          },
          {
            "i": "(year)"
          },
          {
            "w": "a"
          }
        ]
      }
    },
    {
      "891": {
        "ind1": "4",
        "ind2": "1",
        "subfields": [
          {
            "9": "863"
          },
          {
            "8": "2.1"
          },
          {
            "a": "<5>"
          },
          {
            "i": "<2002>"
          }
        ]
      }
    },
    {
      "994": {
        "ind1": "\\",
        "ind2": "\\",
        "subfields": [
          {
            "a": "Z0"
          },
          {
            "b": "NYRVC"
          }
        ]
      }
    },
    {
      "948": {
        "ind1": "\\",
        "ind2": "\\",
        "subfields": [
          {
            "h": "NO HOLDINGS IN NYRVC - 218 OTHER HOLDINGS"
          }
        ]
      }
    },
    {
      "999": {
        "ind1": "\\",
        "ind2": "\\",
        "subfields": [
          {
            "a": "00000000013824"
          },
          {
            "v": "Volume 8"
          }
        ]
      }
    }
  ]
}